<record><leader>00000cas a22000007a 4500</leader><controlfield tag="001">13233115</controlfield><controlfield tag="008">860304d18831890njuwr ne      0    0eng d</controlfield><datafield ind1=" " ind2=" " tag="010"><subfield code="a">sn 85035899 </subfield></datafield><datafield ind1=" " ind2=" " tag="040"><subfield code="a">NPA</subfield><subfield code="b">eng</subfield><subfield code="c">NPA</subfield><subfield code="d">NJW</subfield><subfield code="d">OCLCQ</subfield></datafield><datafield ind1=" " ind2=" " tag="042"><subfield code="a">msc</subfield></datafield><datafield ind1="0" ind2=" " tag="130"><subfield code="a">Sunday leader (Elizabeth, N.J. : 1883)</subfield></datafield><datafield ind1="1" ind2="0" tag="245"><subfield code="a">Sunday leader.</subfield></datafield><datafield ind1=" " ind2=" " tag="260"><subfield code="a">Elizabeth, N.J. :</subfield><subfield code="b">J. Madison Drake &amp; Son</subfield></datafield><datafield ind1=" " ind2=" " tag="300"><subfield code="a">v. :</subfield><subfield code="b">ill. (chiefly advertisements) ;</subfield><subfield code="c">70 cm.</subfield></datafield><datafield ind1=" " ind2=" " tag="310"><subfield code="a">Weekly</subfield></datafield><datafield ind1="1" ind2=" " tag="362"><subfield code="a">Began in Apr. 1883; ceased in Feb. 1890.</subfield></datafield><datafield ind1=" " ind2=" " tag="580"><subfield code="a">In 1889, a daily edition was established called: Elizabeth daily leader.</subfield></datafield><datafield ind1=" " ind2=" " tag="588"><subfield code="a">Description based on: Vol. 5, no. 232 (Sept. 25, 1887).</subfield></datafield><datafield ind1=" " ind2=" " tag="752"><subfield code="a">United States</subfield><subfield code="b">New Jersey</subfield><subfield code="c">Union</subfield><subfield code="d">Elizabeth.</subfield></datafield><datafield ind1="1" ind2=" " tag="775"><subfield code="t">Elizabeth daily leader</subfield><subfield code="w">(DLC)sn 85035898</subfield><subfield code="w">(OCoLC)13233112</subfield></datafield></record>